<record><leader>00000cas a2200000 a 4500</leader><controlfield tag="001">5139542</controlfield><controlfield tag="008">790705c19629999mauwr ne      0   a0eng d</controlfield><datafield ind1=" " ind2=" " tag="010"><subfield code="a">sn 79007306 </subfield></datafield><datafield ind1=" " ind2=" " tag="040"><subfield code="a">NSD</subfield><subfield code="b">eng</subfield><subfield code="c">NSD</subfield><subfield code="d">MGN</subfield><subfield code="d">OCL</subfield><subfield code="d">OCLCQ</subfield></datafield><datafield ind1=" " ind2=" " tag="012"><subfield code="k">1</subfield><subfield code="m">1</subfield></datafield><datafield ind1="1" ind2=" " tag="022"><subfield code="a">0192-8910</subfield><subfield code="l">0192-8910</subfield><subfield code="2">1</subfield></datafield><datafield ind1=" " ind2=" " tag="032"><subfield code="a">866060</subfield><subfield code="b">USPS</subfield></datafield><datafield ind1=" " ind2=" " tag="037"><subfield code="b">Amesbury News, 2 Washington St., Ipswich, MA 01938</subfield></datafield><datafield ind1=" " ind2=" " tag="042"><subfield code="a">nsdp</subfield></datafield><datafield ind1="0" ind2=" " tag="130"><subfield code="a">Amesbury news (Amesbury, Mass. : 1962)</subfield></datafield><datafield ind1=" " ind2="0" tag="222"><subfield code="a">Amesbury news</subfield></datafield><datafield ind1="0" ind2="0" tag="245"><subfield code="a">Amesbury news.</subfield></datafield><datafield ind1=" " ind2=" " tag="260"><subfield code="a">Amesbury, MA :</subfield><subfield code="b">William S. Wasserman Jr.,</subfield></datafield><datafield ind1=" " ind2=" " tag="300"><subfield code="a">v.</subfield></datafield><datafield ind1=" " ind2=" " tag="310"><subfield code="a">Weekly</subfield></datafield><datafield ind1="0" ind2=" " tag="362"><subfield code="a">Vol. 1, no. 1 (May 24, 1962)-</subfield></datafield><datafield ind1=" " ind2=" " tag="752"><subfield code="a">United States</subfield><subfield code="b">Massachusetts</subfield><subfield code="c">Essex</subfield><subfield code="d">Amesbury.</subfield></datafield><datafield ind1="0" ind2="0" tag="780"><subfield code="t">Amesbury daily news</subfield><subfield code="w">(DLC)sn 89062008</subfield></datafield><datafield ind1=" " ind2=" " tag="936"><subfield code="a">May 22, 1985</subfield></datafield></record>